@article{TW,
	title={Hashed and hierarchical timing wheels: efficient data structures for implementing a timer facility},
	author={Varghese, George and Lauck, Anthony},
	journal={IEEE/ACM transactions on networking},
	volume={5},
	number={6},
	pages={824--834},
	month={December},
	year={1997},
	publisher={IEEE}
}

@article{GP,
	title={Hashed and hierarchical timing wheels: efficient data structures for implementing a timer facility},
	author={Lev-Libfeld, Adam and Margolin, Alexander},
	journal={GeoPython},
	volume={1},
	pages={3--6},
	month={June},
	year={2016},
	publisher={FHNW}
}